@article{dijkstra1968,
   author = {Edsger W. Dijkstra},
   title = {Go To statement considered harmful},
   year = {1968},
   journal = {Comm. ACM},
   volume = {11},
   number = {3},
   pages = {147--148},
   note = {Letter to the Editor}
}

@inproceedings{meijer1991,
    author = {Erik Meijer and Maarten Fokkinga and Ross Paterson},
    title = {Functional Programming with Bananas, Lenses, Envelopes and
        Barbed Wire},
    booktitle = {},
    year = {1991},
    pages = {124--144},
    publisher = {Springer-Verlag}
}

@article{tolmach2009,
    title = {An External Representation for the GHC Core Language},
    author = {Tolmach, Andrew and Chevalier, Tim},
    year = {2009}
}

@article{gaffney1984,
    title={Estimating the Number of Faults in Code},
    author={Gaffney, John E.},
    journal={Software Engineering, IEEE Transactions on},
    year={1984},
    volume={SE-10},
    number={4},
    pages={459-464}
}

@article{hutton1999,
    author = {Hutton, Graham},
    title = {A tutorial on the universality and expressiveness of fold},
    journal = {J. Funct. Program.},
    issue_date = {July 1999},
    volume = {9},
    number = {4},
    month = jul,
    year = {1999},
    issn = {0956-7968},
    pages = {355--372},
    numpages = {18},
    url = {http://dx.doi.org/10.1017/S0956796899003500},
    doi = {10.1017/S0956796899003500},
    acmid = {968579},
    publisher = {Cambridge University Press},
    address = {New York, NY, USA}
}

@article{sheard2002,
    author = {Sheard, Tim and Jones, Simon Peyton},
    title = {Template meta-programming for Haskell},
    journal = {SIGPLAN Not.},
    issue_date = {December 2002},
    volume = {37},
    number = {12},
    month = dec,
    year = {2002},
    issn = {0362-1340},
    pages = {60--75},
    numpages = {16},
    url = {http://doi.acm.org/10.1145/636517.636528},
    doi = {10.1145/636517.636528},
    acmid = {636528},
    publisher = {ACM},
    address = {New York, NY, USA},
    keywords = {Meta programming, templates},
}

@misc{haskell-src-exts,
    author = {Niklas Broberg},
    title = {haskell-src-exts on Hackage},
    year = {2008},
    url = {http://hackage.haskell.org/package/haskell-src-exts}
}

@manual{hlint,
    title = {{HLint} Manual},
    author = {Neil Mitchell},
    year = {2006},
    url = {http://community.haskell.org/~ndm/darcs/hlint/hlint.htm}
}

@misc{ghc-plugins,
    author = {The GHC Team},
    title = {Extending and using GHC as a Library: Compiler Plugins},
    year = {2011},
    url = {http://hackage.haskell.org/trac/ghc/wiki/NewPlugins}
}
